@article{chen2014scanning,
  title={On scanning linear barcodes from out-of-focus blurred images: a spatial domain dynamic template matching approach},
  author={Chen, Ling and Man, Hong and Jia, Huading},
  journal={IEEE Transactions on Image Processing},
  volume={23},
  number={6},
  pages={2637--2650},
  year={2014},
  publisher={IEEE}
}